101 123456789 9876543212607021700A094101ODFI BANK              COMPANY BANK                   
5200TEST COMPANY                        1234567890CCDPAYMENTS   260702260702   112345678000000
6220210000211000000000000001 0000010000               VENDOR 01             000123456780000001
6220210000211000000000000002 0000012500               VENDOR 02             000123456780000002
6220210000211000000000000003 0000015000               VENDOR 03             000123456780000003
6220210000211000000000000004 0000017500               VENDOR 04             000123456780000004
6220210000211000000000000005 0000020000               VENDOR 05             000123456780000005
6220210000211000000000000006 0000022500               VENDOR 06             000123456780000006
6220210000211000000000000007 0000025000               VENDOR 07             000123456780000007
6220210000211000000000000008 0000027500               VENDOR 08             000123456780000008
6220210000211000000000000009 0000030000               VENDOR 09             000123456780000009
6220210000211000000000000010 0000032500               VENDOR 10             000123456780000010
6220210000211000000000000011 0000035000               VENDOR 11             000123456780000011
6220210000211000000000000012 0000037500               VENDOR 12             000123456780000012
6220210000211000000000000013 0000040000               VENDOR 13             000123456780000013
6220210000211000000000000014 0000042500               VENDOR 14             000123456780000014
6220210000211000000000000015 0000045000               VENDOR 15             000123456780000015
6220210000211000000000000016 0000047500               VENDOR 16             000123456780000016
6220210000211000000000000017 0000050000               VENDOR 17             000123456780000017
6220210000211000000000000018 0000052500               VENDOR 18             000123456780000018
6220210000211000000000000019 0000055000               VENDOR 19             000123456780000019
6220210000211000000000000020 0000057500               VENDOR 20             000123456780000020
820000002000420000750000000675001234567890                         123456780000001     0000001
900000100000100000020004200007500000067500                                                    
