101 123456789 9876543212607031700A094101ODFI BANK              COMPANY BANK                   
5200ALPHA SERVICES INC                  9988776655CCDPAYROLL   260703260703   1123456780000001
622021000021700000000000000010000018500CUST00000000001ACME SUPPLY              123456780000001
622021000021700000000000000020000021250CUST00000000002NORTHRIDGE LOG           123456780000002
622021000021700000000000000030000016400CUST00000000003BLUEWATER LTD            123456780000003
622021000021700000000000000040000029875CUST00000000004SUMMIT GROUP             123456780000004
622021000021700000000000000050000020000CUST00000000005VENDOR05                 123456780000005
622021000021700000000000000060000033125CUST00000000006ORION TECH               123456780000006
622021000021700000000000000070000027450CUST00000000007PIONEER DIST             123456780000007
622021000021700000000000000080000019100CUST00000000008MAPLE PRODUCTS           123456780000008
622021000021700000000000000090000042300CUST00000000009HORIZON MFG              123456780000009
622021000021700000000000000100000015675CUST00000000010EVEREST PARTS            123456780000010
622021000021700000000000000110000038725CUST00000000011RIVERSTONE CO            123456780000011
622021000021700000000000000120000024800CUST00000000012WESTFIELD SRV            123456780000012
622021000021700000000000000130000036200CUST00000000013ATLANTIC TRAD            123456780000013
622021000021700000000000000140000017950CUST00000000014GREENLINE LLC            123456780000014
622021000021700000000000000150000044125CUST00000000015STERLING OPS             123456780000015
622021000021700000000000000160000026780CUST00000000016CROWN SYSTEMS            123456780000016
8200000016003360004892550004892551234567890                         123456780000001           
9000001000001000000180033600048925500489255                                                   
