101 123456789 9876543212607031700A094101ODFI BANK              COMPANY BANK                   
5200ALPHA SERVICES INC                  9988776655CCDPAYROLL   260703260703   1123456780000001
622021000021700000000000000010000018500ACME SUPPLY           0123456789001001                 
622021000021700000000000000020000021250NORTHRIDGE LOG        0123456789001002                 
622021000021700000000000000030000016400BLUEWATER LTD         0123456789001003                 
622021000021700000000000000040000029875SUMMIT GROUP          0123456789001004                 
622021000021700000000000000050000020000VENDOR05              0123456780000005                 
622021000021700000000000000060000033125ORION TECH            0123456789001006                 
622021000021700000000000000070000027450PIONEER DIST          0123456789001007                 
622021000021700000000000000080000019100MAPLE PRODUCTS        0123456789001008                 
622021000021700000000000000090000042300HORIZON MFG           0123456789001009                 
622021000021700000000000000100000015675EVEREST PARTS         0123456789001010                 
622021000021700000000000000110000038725RIVERSTONE CO         0123456789001011                 
622021000021700000000000000120000024800WESTFIELD SRV         0123456789001012                 
622021000021700000000000000130000036200ATLANTIC TRAD         0123456789001013                 
622021000021700000000000000140000017950GREENLINE LLC         0123456789001014                 
622021000021700000000000000150000044125STERLING OPS          0123456789001015                 
622021000021700000000000000160000026780CROWN SYSTEMS         0123456789001016                 
8200000016003360004892550004892551234567890                         123456780000001           
9000001000001000000180033600048925500489255                                                   