101 987654321 1234567892607021800A094101RDFI BANK              ODFI BANK                 
5200RETURN PROCESSING                   9876543210CCDRETURNS    260702260702   1987654320000001  
6220210000211000000000000005   0000020000VENDOR 05             R02ACCTCLOSED000123456780000005 
6220210000211000000000000011   0000035000VENDOR 11             R03NOACCOUNT 000123456780000011
820000000200042000055000000550009876543210                         987654320000001  
900000100000100000002000420000550000005500                                      
