101 987654321 1234567892607021800A094101RDFI BANK              ODFI BANK              
5200RETURN PROCESSING                   9876543210CCDRETURNS    260702260702   1987654320000001
6270210000211000000000000005 0000020000               R02 VENDOR 05           0123456780000005
6270210000211000000000000011 0000035000               R03 VENDOR 11           0123456780000011
820000000200042000055000000550009876543210                         987654320000001
900000100000100000002000420000550000005500
