101 987654321 1234567892607031800A094101RDFI BANK              ODFI BANK                      
5200RETURN PROCESSING                   9876543210CCDRETURNS    260703260703   19876543200001 
627021000021700000000000000020000021250NORTHRIDGE LOG        R01               987654320000002
799R0112345678000000226070302100002BENEFICIARY BANK RETURNED - INSUF FUNDS     987654320000002
820000000200063000000000000000000009876543210                                  987654320000001
9000001000001000000020006300000000000000000000                                                
