101 987654321 1234567892607031800A094101RDFI BANK              ODFI BANK                 
5200RETURN PROCESSING                   9876543210CCDRETURNS    260703260703   1987654320000001  
6270210000217000000000000005   0000020000VENDOR05-R02          R02ACCOUNT CLOSED0000005  
6270210000217000000000000012   0000024800WESTFIELD SRV         R16ACCOUNT FROZEN0000012  
6270210000217000000000000013   0000036200ATLANTIC TRAD         R03NO ACCOUNT     000013  
820000000300063000083000000830009876543210                         987654320000001  
900000100000100000003000630000830000008300                                      
