101 123456789 9876543212607021700A094101ODFI BANK              COMPANY BANK              
5200TEST COMPANY                        1234567890CCDPAYMENTS   260702260702   1123456780000001  
6220210000211000000000000001   0000010000VENDOR 01             0123456780000001  
6220210000211000000000000002   0000012500VENDOR 02             0123456780000002  
6220210000211000000000000003   0000015000VENDOR 03             0123456780000003  
6220210000211000000000000004   0000017500VENDOR 04             0123456780000004  
6220210000211000000000000005   0000020000VENDOR 05             0123456780000005  
6220210000211000000000000006   0000022500VENDOR 06             0123456780000006  
6220210000211000000000000007   0000025000VENDOR 07             0123456780000007  
6220210000211000000000000008   0000027500VENDOR 08             0123456780000008  
6220210000211000000000000009   0000030000VENDOR 09             0123456780000009  
6220210000211000000000000010   0000032500VENDOR 10             0123456780000010  
6220210000211000000000000011   0000035000VENDOR 11             0123456780000011  
6220210000211000000000000012   0000037500VENDOR 12             0123456780000012  
6220210000211000000000000013   0000040000VENDOR 13             0123456780000013  
6220210000211000000000000014   0000042500VENDOR 14             0123456780000014  
6220210000211000000000000015   0000045000VENDOR 15             0123456780000015  
6220210000211000000000000016   0000047500VENDOR 16             0123456780000016  
6220210000211000000000000017   0000050000VENDOR 17             0123456780000017  
6220210000211000000000000018   0000052500VENDOR 18             0123456780000018  
6220210000211000000000000019   0000055000VENDOR 19             0123456780000019  
6220210000211000000000000020   0000057500VENDOR 20             0123456780000020  
820000002000420000750000000675001234567890                         123456780000001  
900000100000100000020004200007500000067500                                      
